@article{smith2006superscalar,
  title={The Mips R10000 superscalar microprocessor},
  author={K.C., Yeager},
  journal={IEEE Micro},
  volume={16},
  number={2},
  pages={28-41},
  year={2002},
  publisher={IEEE}
}

@inproceedings{johnson2010asic,
  title={ASIC design of LZ77 compressor for computational storage drives},
  author={Huang, Y., Song, A., Guo, C. and Yang, Y.},
  booktitle={Electron. Lett.},
  pages={59},
  year={2023},
  organization={IET}
}

@INPROCEEDINGS{6136855,
  author={Brost, Vincent and Meunier, Charles and Saptono, Debyo and Yang, Fan},
  booktitle={Proceedings of the 2011 Conference on Design & Architectures for Signal & Image Processing (DASIP)}, 
  title={Flexible VLIW processor based on FPGA for real-time image processing}, 
  year={2011},
  volume={},
  number={},
  pages={1-8},
  keywords={Field programmable gate arrays;Hardware;VLIW;Registers;Image processing;Signal processing algorithms;Computer architecture;Rapid protoyping;system design;VLIW processor;FPGA;real-time image processing},
  doi={10.1109/DASIP.2011.6136855}}


@inproceedings{kim2015verilog,
author = {Kumarathunga, Dilshan and Gamage, Omega and Samarasinghe, Asitha and Saranga, Nipuna and Rodrigo, Ranga and Pasqual, Ajith},
year = {2019},
month = {07},
pages = {103-106},
title = {VLIW Based Runtime Reconfigurable Machine Vision Coprocessor Architecture for Edge Computing},
doi = {10.1109/ASAP.2019.00-22}
}


% Add other references similarly
